@article{kirkpatrick1983optimization,
  title={Optimization by simulated annealing},
  author={Kirkpatrick, Scott and Gelatt, C Daniel and Vecchi, Mario P},
  journal={Science},
  volume={220},
  number={4598},
  pages={671--680},
  year={1983},
  publisher={American Association for the Advancement of Science}
}

@article{glover1986future,
  title={Future paths for integer programming and links to artificial intelligence},
  author={Glover, Fred},
  journal={Computers \& Operations Research},
  volume={13},
  number={5},
  pages={533--549},
  year={1986},
  publisher={Elsevier}
}

@book{goldberg1989genetic,
  title={Genetic algorithms in search, optimization, and machine learning},
  author={Goldberg, David E},
  year={1989},
  publisher={Addison-Wesley}
}

@article{dorigo1996ant,
  title={Ant colony system: A cooperative learning approach to the traveling salesman problem},
  author={Dorigo, Marco and Gambardella, Luca M},
  journal={IEEE Transactions on Evolutionary Computation},
  volume={1},
  number={1},
  pages={53--66},
  year={1996},
  publisher={IEEE}
}

@article{held1962dynamic,
  title={A dynamic programming approach to sequencing problems},
  author={Held, Michael and Karp, Richard M},
  journal={Journal of the Society for Industrial and Applied Mathematics},
  volume={10},
  number={1},
  pages={196--210},
  year={1962},
  publisher={SIAM}
}